@misc {chacha,
	author = {D. J. Bernstein.},
    title = {ChaCha, a variant of Salsa20},
    year = "2008",
    month = Jan,
    day = "28",
    note = {URL: \url{http://cr.yp.to/papers.html#chacha}},
	djbid = "Document ID:  4027b5256e17b9796842e6d0f68b0b5e"
}

@misc{rfc7905,
	series =	{Request for Comments},
	number =	7905,
	howpublished =	{RFC 7905},
	publisher =	{RFC Editor},
	doi =		{10.17487/RFC7905},
	url =		{https://rfc-editor.org/rfc/rfc7905.txt},
        author =	{Adam Langley and Wan-Teh Chang and Nikos Mavrogiannopoulos and Joachim Strombergson and Simon Josefsson},
	title =		{{ChaCha20-Poly1305 Cipher Suites for Transport Layer Security (TLS)}},
	pagetotal =	8,
	year =		2016,
	month =		jun,
	abstract =	{This document describes the use of the ChaCha stream cipher and Poly1305 authenticator in the Transport Layer Security (TLS) and Datagram Transport Layer Security (DTLS) protocols.},
}