@misc{cryptoeprint:2014:853,
    author = {David Cash and Joseph Jaeger and Stanislaw Jarecki and Charanjit Jutla and Hugo Krawczyk and Marcel-Cătălin Roşu and Michael Steiner},
    title = {Dynamic Searchable Encryption in Very-Large Databases: Data Structures and Implementation},
    howpublished = {Cryptology ePrint Archive, Report 2014/853},
    year = {2014},
    note = {\url{http://eprint.iacr.org/2014/853}},
}

@misc{yavuz17,
    author = {Attila A. Yavuz and Jorge Guajardo},
    title = {Dynamic Searchable Symmetric Encryption with Minimal Leakage and Efficient Updates on Commodity Hardware},
    howpublished = {Selected Areas in Cryptography (SAC) 2015, Sackville, New Brunswick, Canada},
    year = {2015},
    month = {August},
    note = {\url{http://web.engr.oregonstate.edu/~yavuza/Yavuz_DSSE_SAC2015.pdf}},
}
